<?xml version="1.0" encoding="UTF-8"?>
<collection xmlns:xsi="http://www.w3.org/2001/XMLSchema-instance" xsi:schemaLocation="http://www.loc.gov/MARC21/slim http://www.loc.gov/standards/marcxml/schema/MARC21slim.xsd" xmlns="http://www.loc.gov/MARC21/slim">
<record>
  <leader>01516cam a2200301   4500</leader>
  <controlfield tag="001">3239468</controlfield>
  <controlfield tag="003">NNC</controlfield>
  <controlfield tag="005">20130426153655.0</controlfield>
  <controlfield tag="008">941007s1882    ua            000 0 arar </controlfield>
  <datafield tag="010" ind1=" " ind2=" ">
    <subfield code="a">   77261010 </subfield>
  </datafield>
  <datafield tag="035" ind1=" " ind2=" ">
    <subfield code="a">(OCoLC)ocm31238693</subfield>
  </datafield>
  <datafield tag="035" ind1=" " ind2=" ">
    <subfield code="9">AUL2879CU</subfield>
  </datafield>
  <datafield tag="035" ind1=" " ind2=" ">
    <subfield code="a">(NNC)3239468</subfield>
  </datafield>
  <datafield tag="040" ind1=" " ind2=" ">
    <subfield code="a">DLC</subfield>
    <subfield code="c">CUY</subfield>
    <subfield code="d">CUY</subfield>
    <subfield code="d">OCL</subfield>
    <subfield code="d">ZCU</subfield>
  </datafield>
  <datafield tag="050" ind1="0" ind2=" ">
    <subfield code="a">PJ7541</subfield>
    <subfield code="b">.A23 1882</subfield>
  </datafield>
  <datafield tag="099" ind1=" " ind2=" ">
    <subfield code="a">893.74</subfield>
    <subfield code="a">Ib58</subfield>
  </datafield>
  <datafield tag="100" ind1="1" ind2=" ">
    <subfield code="a">Baghdādī, ʻAbd al-Qādir ibn ʻUmar,</subfield>
    <subfield code="d">1621-1682.</subfield>
  </datafield>
  <datafield tag="240" ind1="1" ind2="0">
    <subfield code="a">Khizānat al-adab wa-lubb lubāb lisān al-ʻArab</subfield>
  </datafield>
  <datafield tag="245" ind1="1" ind2="0">
    <subfield code="a">Sharḥ ʻAbd al-Qādir ibn ʻUmar al-Baghdādī</subfield>
    <subfield code="b">al-musammá Khizānat al-adab wa-lubb lubāb lisān al-ʻArab ʻalá shawāhid Sharḥ al-Kāfiyah allatī hiya bi-maqāṣid al-qawāʻid wāfiyah lil-Imām al-shahīr bi-al-Raḍī. Muḥallá hāmishuhu bi-Kitāb al-Maqāṣid al-naḥwīyah fī sharḥ shawāhid shurūḥ al-alfīyah ... al-mashhūr bi-Sharḥ al-shawāhid al-kubrá lil-ʻAynī Maḥmūd.</subfield>
  </datafield>
  <datafield tag="250" ind1=" " ind2=" ">
    <subfield code="a">al-Ṭabʻah 1.</subfield>
  </datafield>
  <datafield tag="260" ind1=" " ind2=" ">
    <subfield code="a">Būlāq,</subfield>
    <subfield code="b">al-Maṭbaʻah al-Mīrīyah,</subfield>
    <subfield code="c">1299 [1882]</subfield>
  </datafield>
  <datafield tag="300" ind1=" " ind2=" ">
    <subfield code="a">4 v.</subfield>
    <subfield code="c">30 cm.</subfield>
  </datafield>
  <datafield tag="600" ind1="1" ind2="0">
    <subfield code="a">Ibn al-Ḥājib, ʻUthmān ibn ʻUmar,</subfield>
    <subfield code="d">1175-1249.</subfield>
    <subfield code="t">Kāfiyah.</subfield>
  </datafield>
  <datafield tag="600" ind1="1" ind2="0">
    <subfield code="a">Ibn Mālik, Muḥammad ibn ʻAbd Allāh,</subfield>
    <subfield code="d">-1274.</subfield>
    <subfield code="t">Alfīyah.</subfield>
  </datafield>
  <datafield tag="700" ind1="1" ind2="2">
    <subfield code="a">Astarābādhī, Raḍī al-Dīn Muḥammad ibn al-Ḥasan,</subfield>
    <subfield code="d">active 1284.</subfield>
    <subfield code="t">Sharḥ al-Kāfiyah.</subfield>
  </datafield>
  <datafield tag="700" ind1="1" ind2=" ">
    <subfield code="a">ʻAynī, Badr al-Dīn Maḥmūd ibn Aḥmad,</subfield>
    <subfield code="d">1361-1451.</subfield>
  </datafield>
  <datafield tag="740" ind1="0" ind2="1">
    <subfield code="a">Khizānat al-adab.</subfield>
  </datafield>
  <datafield tag="955" ind1=" " ind2=" ">
    <subfield code="b">0315333949</subfield>
    <subfield code="d">glx</subfield>
    <subfield code="e">893.74 Ib58</subfield>
    <subfield code="v">v.1</subfield>
  </datafield>
</record>
</collection>